<?xml version="1.0" encoding="UTF-8"?>
<record xmlns="http://www.loc.gov/MARC21/slim" xmlns:xsi="http://www.w3.org/2001/XMLSchema-instance" xsi:schemaLocation="http://www.loc.gov/MARC21/slim http://www.loc.gov/standards/marcxml/schema/MARC21slim.xsd">
<leader>00000cam a22      a 4500</leader>
<controlfield tag="001">001700956</controlfield>
<controlfield tag="003">NNU</controlfield>
<controlfield tag="005">20141110164326.0</controlfield>
<controlfield tag="008">010111s1954    ae            000 1 ara d</controlfield>
<datafield tag="035" ind1=" " ind2=" ">
<subfield code="a">(OCoLC)122873399</subfield>
</datafield>
<datafield tag="040" ind1=" " ind2=" ">
<subfield code="a">EUX</subfield>
<subfield code="b">eng</subfield>
<subfield code="c">EUX</subfield>
<subfield code="d">NNU</subfield>
</datafield>
<datafield tag="050" ind1=" " ind2="4">
<subfield code="a">PJ7712.J8</subfield>
<subfield code="b">P4 1954</subfield>
</datafield>
<datafield tag="245" ind1="0" ind2="0">
<subfield code="6">880-01</subfield>
<subfield code="a">Qiṣṣat Jūd'har al-ṣayyād wa-al-kharaj al-marṣūd :</subfield>
<subfield code="b">qiṣṣat muqtabasah min Alf laylah wa-laylah /</subfield>
<subfield code="c">aʻtiná bi-nashrihā wa-taḥaṣṣuṣihā Hinrī Pirīs.</subfield>
</datafield>
<datafield tag="246" ind1="1" ind2="5">
<subfield code="a">Histoire de Djoûdhar le pecheur et du sac enchanté</subfield>
</datafield>
<datafield tag="250" ind1=" " ind2=" ">
<subfield code="6">880-02</subfield>
<subfield code="a">al-Ṭabʻah 5.</subfield>
</datafield>
<datafield tag="260" ind1=" " ind2=" ">
<subfield code="6">880-03</subfield>
<subfield code="a">Al-Jazāʼir :</subfield>
<subfield code="b">J. Kūrbūnil,</subfield>
<subfield code="c">1954.</subfield>
</datafield>
<datafield tag="300" ind1=" " ind2=" ">
<subfield code="a">64, 46 pages ;</subfield>
<subfield code="c">19 cm.</subfield>
</datafield>
<datafield tag="336" ind1=" " ind2=" ">
<subfield code="a">text</subfield>
<subfield code="b">txt</subfield>
<subfield code="2">rdacontent</subfield>
</datafield>
<datafield tag="337" ind1=" " ind2=" ">
<subfield code="a">unmediated</subfield>
<subfield code="b">n</subfield>
<subfield code="2">rdamedia</subfield>
</datafield>
<datafield tag="338" ind1=" " ind2=" ">
<subfield code="a">volume</subfield>
<subfield code="b">nc</subfield>
<subfield code="2">rdacarrier</subfield>
</datafield>
<datafield tag="500" ind1=" " ind2=" ">
<subfield code="a">"Glossaire": p. 5-46 (2d group).</subfield>
</datafield>
<datafield tag="500" ind1=" " ind2=" ">
<subfield code="a">Added t.p.: Histoire de Djoûdhar le pecheur et du sac enchanté : conte extrait de Milles [sic] et une nuits : texte établi d'après quatre éditions accompagné de variantes et suivi d'un glossaire.</subfield>
</datafield>
<datafield tag="700" ind1="1" ind2=" ">
<subfield code="a">Pérès, Henri.</subfield>
</datafield>
<datafield tag="880" ind1="0" ind2="0">
<subfield code="6">245-01/</subfield>
<subfield code="a">قصة جوذر الصياد والخرج المرصود :</subfield>
<subfield code="b">قصة مقتبسة من الف ليلة وليلة /</subfield>
<subfield code="c">اعتنى بنشرها وتصحيحها هنري ٻيريس.</subfield>
</datafield>
<datafield tag="880" ind1=" " ind2=" ">
<subfield code="6">250-02/</subfield>
<subfield code="a">الطبعة 5.</subfield>
</datafield>
<datafield tag="880" ind1=" " ind2=" ">
<subfield code="6">260-03/</subfield>
<subfield code="a">الحزائر:</subfield>
<subfield code="b">جول كربونل،</subfield>
<subfield code="c">1954.</subfield>
</datafield>
<datafield tag="OWN" ind1=" " ind2=" ">
<subfield code="a">GENERAL</subfield>
</datafield>
<datafield tag="AVA" ind1=" " ind2=" ">
<subfield code="a">NYU50</subfield>
<subfield code="b">BOBST</subfield>
<subfield code="c">Main Collection</subfield>
<subfield code="d">PJ7712.J8 P4 1954</subfield>
<subfield code="e">unavailable</subfield>
<subfield code="t">Unavailable</subfield>
<subfield code="f">1</subfield>
<subfield code="g">1</subfield>
<subfield code="h">N</subfield>
<subfield code="i">0</subfield>
<subfield code="j">MAIN</subfield>
<subfield code="k">0</subfield>
</datafield>
</record>
